
@article{galton1874,
	title = {English men of science their nature and nurture / by Francis Galton.},
	author = {Galton, Francis},
	year = {1874},
	date = {1874},
	doi = {10.5962/bhl.title.29770},
	url = {http://dx.doi.org/10.5962/bhl.title.29770}
}


@book{sulloway1996,
  author    = {Frank J. Sulloway},
  title     = {Born to Rebel: Birth Order, Family Dynamics, and Creative Lives},
  publisher = {Pantheon Books},
  year      = {1996},
  pages     = {653}
}
@article{sulloway1995,
	title = {Birth Order and Evolutionary Psychology: A Meta-Analytic Overview},
	author = {Sulloway, Frank J.},
	year = {1995},
	month = {01},
	date = {1995-01},
	journal = {Psychological Inquiry},
	pages = {75--80},
	volume = {6},
	number = {1},
	doi = {10.1207/s15327965pli0601_15},
	url = {http://dx.doi.org/10.1207/s15327965pli0601_15},
	langid = {en}
}

@article{avanesian2022,
	title = {Can We Improve Learning Outcomes of Schoolchildren from the Poorest Families by Investing into Their Non-Cognitive Skills? Causal Analysis Using Propensity Score Matching},
	author = {Avanesian, Garen and Borovskaya, Marina and Ryzhova, {Viсtoria} and Kirik, Vladimir and Egorova, Valeria and Bermous, Alexander},
	year = {2022},
	month = {03},
	date = {2022-03-17},
	journal = {Voprosy Obrazovaniya / Educational Studies Moscow},
	pages = {13--53},
	number = {1},
	doi = {10.17323/1814-9545-2022-1-13-53},
	url = {http://dx.doi.org/10.17323/1814-9545-2022-1-13-53}
}

@article{rozhkova2021,
	title = {Non-Cognitive Characteristics and Higher Education Choices},
	author = {Rozhkova, Ksenia and Roshchin, Sergey},
	year = {2021},
	month = {12},
	date = {2021-12-13},
	journal = {Voprosy Obrazovaniya / Educational Studies Moscow},
	pages = {35--73},
	number = {4},
	doi = {10.17323/1814-9545-2021-4-35-73},
	url = {http://dx.doi.org/10.17323/1814-9545-2021-4-35-73}
}

@article{rozhkova2021c,
	title = {The Impact of Non-Cognitive Characteristics on the Higher Education Choice-Making: An Economist Perspective},
	author = {Rozhkova, Ksenia and Roshchin, Sergey},
	year = {2021},
	month = {09},
	date = {2021-09-21},
	journal = {Voprosy Obrazovaniya / Educational Studies Moscow},
	pages = {138--167},
	number = {3},
	doi = {10.17323/1814-9545-2021-3-138-167},
	url = {http://dx.doi.org/10.17323/1814-9545-2021-3-138-167}
}

@article{zudina2022,
	title = {Non-Cognitive Skills of NEET Youth in Russia},
	author = {Zudina, Anna},
	year = {2022},
	month = {12},
	date = {2022-12-22},
	journal = {Voprosy Obrazovaniya / Educational Studies Moscow},
	pages = {154--183},
	number = {4},
	doi = {10.17323/1814-9545-2022-4-154-183},
	url = {http://dx.doi.org/10.17323/1814-9545-2022-4-154-183}
}

@article{avanesian2024,
	title = {How Far Are NEET Youth Falling Behind in Their Non-Cognitive Skills? An Econometric Analysis of Disparities},
	author = {Avanesian, Garen and Borovskaya, Marina and Masych, Marina and Dikaya, Ludmila and Ryzhova, Victoria and Egorova, Valeria},
	year = {2024},
	month = {01},
	date = {2024-01-19},
	journal = {Economies},
	pages = {25},
	volume = {12},
	number = {1},
	doi = {10.3390/economies12010025},
	url = {http://dx.doi.org/10.3390/economies12010025},
	langid = {en}
}

@article{samuelb1976,
	title = {Samuel Bowles and Herbert Gintis. Schooling in Capitalist America. New York: Basic Books, 1976},
	year = {1976},
	month = {12},
	date = {1976-12},
	journal = {Politics & Society},
	pages = {516--516},
	volume = {6},
	number = {4},
	doi = {10.1177/003232927600600407},
	url = {http://dx.doi.org/10.1177/003232927600600407},
	langid = {en}
}

@article{lme4,
	title = {Fitting Linear Mixed-Effects Models Using {\textbraceleft}lme4{\textbraceright}},
	author = {Bates, Douglas and Maechler, Martin and Bolker, Ben and Walker, Steve},
	year = {2015},
	date = {2015},
	volume = {67},
	doi = {10.18637/jss.v067.i01}
}

@article{dudek2022,
	title = {No Evidence That Siblings{\textquoteright} Gender Affects Personality Across Nine Countries},
	author = {Dudek, Thomas and {Brenøe}, Anne Ardila and Feld, Jan and Rohrer, Julia M.},
	year = {2022},
	month = {08},
	date = {2022-08-23},
	journal = {Psychological Science},
	pages = {1574--1587},
	volume = {33},
	number = {9},
	doi = {10.1177/09567976221094630},
	url = {http://dx.doi.org/10.1177/09567976221094630},
	langid = {en}
}

@article{golsteyn2020,
	title = {Does sibling gender affect personality traits?},
	author = {Golsteyn, Bart H.H. and {Magnée}, {Cécile A.J.}},
	year = {2020},
	month = {08},
	date = {2020-08},
	journal = {Economics of Education Review},
	pages = {102016},
	volume = {77},
	doi = {10.1016/j.econedurev.2020.102016},
	url = {http://dx.doi.org/10.1016/j.econedurev.2020.102016},
	langid = {en}
}

@article{elkins2020,
	title = {Exploring the role of parental engagement in non-cognitive skill development over the lifecourse},
	author = {Elkins, Rosemary and Schurer, Stefanie},
	year = {2020},
	month = {04},
	date = {2020-04-30},
	journal = {Journal of Population Economics},
	pages = {957--1004},
	volume = {33},
	number = {3},
	doi = {10.1007/s00148-020-00767-5},
	url = {http://dx.doi.org/10.1007/s00148-020-00767-5},
	langid = {en}
}

@article{lmerTest,
	title = {{\textbraceleft}lmerTest{\textbraceright} Package: Tests in Linear Mixed Effects Models},
	author = {Kuznetsova, Alexandra and Brockhoff, Per B. and Christensen, Rune H. B.},
	year = {2017},
	date = {2017},
	volume = {82},
	doi = {10.18637/jss.v082.i13}
}

@article{paulhus1999,
	title = {Birth Order Effects on Personality and Achievement Within Families},
	author = {Paulhus, Delroy L. and Trapnell, Paul D. and Chen, David},
	year = {1999},
	month = {11},
	date = {1999-11},
	journal = {Psychological Science},
	pages = {482--488},
	volume = {10},
	number = {6},
	doi = {10.1111/1467-9280.00193},
	url = {http://dx.doi.org/10.1111/1467-9280.00193},
	langid = {en}
}

@article{cobb-clark2012,
	title = {The stability of big-five personality traits},
	author = {Cobb-Clark, Deborah A. and Schurer, Stefanie},
	year = {2012},
	month = {04},
	date = {2012-04},
	journal = {Economics Letters},
	pages = {11--15},
	volume = {115},
	number = {1},
	doi = {10.1016/j.econlet.2011.11.015},
	url = {http://dx.doi.org/10.1016/j.econlet.2011.11.015},
	langid = {en}
}

@article{cobb-clark2013,
	title = {Two Economists{\textquoteright} Musings on the Stability of Locus of Control},
	author = {{Cobb{-}Clark}, Deborah A. and Schurer, Stefanie},
	year = {2013},
	month = {08},
	date = {2013-08-01},
	journal = {The Economic Journal},
	pages = {F358--F400},
	volume = {123},
	number = {570},
	doi = {10.1111/ecoj.12069},
	url = {http://dx.doi.org/10.1111/ecoj.12069},
	langid = {en}
}

@article{kassenboehmer2018,
	title = {University education and non-cognitive skill development},
	author = {Kassenboehmer, Sonja C and Leung, Felix and Schurer, Stefanie},
	year = {2018},
	month = {03},
	date = {2018-03-12},
	journal = {Oxford Economic Papers},
	pages = {538--562},
	volume = {70},
	number = {2},
	doi = {10.1093/oep/gpy002},
	url = {http://dx.doi.org/10.1093/oep/gpy002},
	langid = {en}
}

@article{subramaniam1996,
	title = {GENDER-BIAS IN INDIA: THE IMPORTANCE OF HOUSEHOLD FIXED-EFFECTS},
	author = {SUBRAMANIAM, R.},
	year = {1996},
	month = {04},
	date = {1996-04-01},
	journal = {Oxford Economic Papers},
	pages = {280--299},
	volume = {48},
	number = {2},
	doi = {10.1093/oxfordjournals.oep.a028569},
	url = {http://dx.doi.org/10.1093/oxfordjournals.oep.a028569},
	langid = {en}
}

@article{kingdon2005,
	title = {Where Has All the Bias Gone? Detecting Gender Bias in the Intrahousehold Allocation of Educational Expenditure},
	author = {Kingdon, {Geeta Gandhi}},
	year = {2005},
	month = {01},
	date = {2005-01},
	journal = {Economic Development and Cultural Change},
	pages = {409--451},
	volume = {53},
	number = {2},
	doi = {10.1086/425379},
	url = {http://dx.doi.org/10.1086/425379},
	langid = {en}
}

@article{horton1988,
	title = {Birth Order and Child Nutritional Status: Evidence from the Philippines},
	author = {Horton, Susan},
	year = {1988},
	month = {01},
	date = {1988-01},
	journal = {Economic Development and Cultural Change},
	pages = {341--354},
	volume = {36},
	number = {2},
	doi = {10.1086/451655},
	url = {http://dx.doi.org/10.1086/451655},
	langid = {en}
}

@article{thomas1990,
	title = {Intra-Household Resource Allocation: An Inferential Approach},
	author = {Thomas, Duncan},
	year = {1990},
	date = {1990},
	journal = {The Journal of Human Resources},
	pages = {635},
	volume = {25},
	number = {4},
	doi = {10.2307/145670},
	url = {http://dx.doi.org/10.2307/145670}
}

@article{fors2022,
	title = {Within{-}family inequalities in human capital accumulation in India},
	author = {Fors, Heather Congdon and Lindskog, Annika},
	year = {2022},
	month = {09},
	date = {2022-09-08},
	journal = {Review of Development Economics},
	pages = {3--28},
	volume = {27},
	number = {1},
	doi = {10.1111/rode.12929},
	url = {http://dx.doi.org/10.1111/rode.12929},
	langid = {en}
}

@article{detlefsen2024,
	title = {Are economic preferences shaped by the family context? The relation of birth order and siblings{\textquoteright} gender composition to economic preferences},
	author = {Detlefsen, Lena and Friedl, Andreas and de Miranda, Katharina Lima and Schmidt, Ulrich and Sutter, Matthias},
	year = {2024},
	month = {08},
	date = {2024-08},
	journal = {Journal of Risk and Uncertainty},
	pages = {1--31},
	volume = {69},
	number = {1},
	doi = {10.1007/s11166-024-09433-7},
	url = {http://dx.doi.org/10.1007/s11166-024-09433-7},
	langid = {en}
}

@article{lafortune2014,
	title = {All for One? Family Size and Children's Educational Distribution under Credit Constraints},
	author = {Lafortune, Jeanne and Lee, Soohyung},
	year = {2014},
	month = {05},
	date = {2014-05-01},
	journal = {American Economic Review},
	pages = {365--369},
	volume = {104},
	number = {5},
	doi = {10.1257/aer.104.5.365},
	url = {http://dx.doi.org/10.1257/aer.104.5.365},
	langid = {en}
}

@article{avanesian2024a,
	title = {Dissecting the digital divide: A household fixed effects approach to estimating gender gaps in digital skills of youth in low- and middle-income economies},
	author = {Avanesian, Garen and Zaw, Htet Thiha and Kelly, Peggy and Mizunoya, Suguru},
	year = {2024},
	month = {06},
	date = {2024-06},
	journal = {Heliyon},
	pages = {e33127},
	volume = {10},
	number = {12},
	doi = {10.1016/j.heliyon.2024.e33127},
	url = {http://dx.doi.org/10.1016/j.heliyon.2024.e33127},
	langid = {en}
}

@article{makino2018,
	title = {Birth Order and Sibling Sex Composition Effects Among Surviving Children in India: Enrollment Status and Test Scores},
	author = {Makino, Momoe},
	year = {2018},
	month = {08},
	date = {2018-08},
	journal = {The Developing Economies},
	pages = {157--196},
	volume = {56},
	number = {3},
	doi = {10.1111/deve.12179},
	url = {http://dx.doi.org/10.1111/deve.12179},
	langid = {en}
}

@article{thomas1990a,
	title = {Intra-Household Resource Allocation: An Inferential Approach},
	author = {Thomas, Duncan},
	year = {1990},
	date = {1990},
	journal = {The Journal of Human Resources},
	pages = {635},
	volume = {25},
	number = {4},
	doi = {10.2307/145670},
	url = {http://dx.doi.org/10.2307/145670}
}

@article{anger2016,
	title = {Cognitive skills, non-cognitive skills, and family background: evidence from sibling correlations},
	author = {Anger, Silke and Schnitzlein, Daniel D.},
	year = {2016},
	month = {11},
	date = {2016-11-12},
	journal = {Journal of Population Economics},
	pages = {591--620},
	volume = {30},
	number = {2},
	doi = {10.1007/s00148-016-0625-9},
	url = {http://dx.doi.org/10.1007/s00148-016-0625-9},
	langid = {en}
}

@article{mazumder2007,
	title = {Sibling similarities and economic inequality in the US},
	author = {Mazumder, Bhashkar},
	year = {2007},
	month = {01},
	date = {2007-01-12},
	journal = {Journal of Population Economics},
	pages = {685--701},
	volume = {21},
	number = {3},
	doi = {10.1007/s00148-006-0127-2},
	url = {http://dx.doi.org/10.1007/s00148-006-0127-2},
	langid = {en}
}

@article{björklund2012,
	title = {How important is family background for labor-economic outcomes?},
	author = {{Björklund}, Anders and {Jäntti}, Markus},
	year = {2012},
	month = {08},
	date = {2012-08},
	journal = {Labour Economics},
	pages = {465--474},
	volume = {19},
	number = {4},
	doi = {10.1016/j.labeco.2012.05.016},
	url = {http://dx.doi.org/10.1016/j.labeco.2012.05.016},
	langid = {en}
}

@article{heckman2016,
	title = {Capabilities and Skills},
	author = {Heckman, James J. and Corbin, Chase O.},
	year = {2016},
	month = {07},
	date = {2016-07-02},
	journal = {Journal of Human Development and Capabilities},
	pages = {342--359},
	volume = {17},
	number = {3},
	doi = {10.1080/19452829.2016.1200541},
	url = {http://dx.doi.org/10.1080/19452829.2016.1200541},
	langid = {en}
}
