@techreport{ilo2024,
  title        = {World Employment and Social Outlook: September 2024 Update},
  author       = {{International Labour Organization (ILO)}},
  institution  = {International Labour Organization (ILO)},
  year         = {2024},
  month        = {September},
  address      = {Geneva},
  url          = {https://www.ilo.org/publications/flagship-reports/world-employment-and-social-outlook-september-2024-update},
  note         = {ILO Brief}
}

@techreport{ilo2024youth,
  title        = {Global Employment Trends for Youth 2024: Decent Work, Brighter Futures},
  author       = {{International Labour Organization (ILO)}},
  institution  = {International Labour Organization (ILO)},
  year         = {2024},
  month        = {August},
  day          = {12},
  address      = {Geneva},
  url          = {https://www.ilo.org/publications/major-publications/global-employment-trends-youth-2024},
  note         = {Report}
}
@article{steenackers2016,
	title = {Determinants of job-hopping: an empirical study in Belgium},
	author = {Steenackers, Kelly and Guerry, Marie-Anne},
	year = {2016},
	month = {06},
	date = {2016-06-06},
	journal = {International Journal of Manpower},
	pages = {494--510},
	volume = {37},
	number = {3},
	doi = {10.1108/ijm-09-2014-0184},
	url = {http://dx.doi.org/10.1108/IJM-09-2014-0184},
	langid = {en}
}

@article{klug2017,
	title = {Young and at risk? Consequences of job insecurity for mental health and satisfaction among labor market entrants with different levels of education},
	author = {Klug, Katharina},
	year = {2017},
	month = {10},
	date = {2017-10-06},
	journal = {Economic and Industrial Democracy},
	pages = {562--585},
	volume = {41},
	number = {3},
	doi = {10.1177/0143831x17731609},
	url = {http://dx.doi.org/10.1177/0143831X17731609},
	langid = {en}
}

@article{judge2010,
	title = {The relationship between pay and job satisfaction: A meta-analysis of the literature},
	author = {Judge, Timothy A. and Piccolo, Ronald F. and Podsakoff, Nathan P. and Shaw, John C. and Rich, Bruce L.},
	year = {2010},
	month = {10},
	date = {2010-10},
	journal = {Journal of Vocational Behavior},
	pages = {157--167},
	volume = {77},
	number = {2},
	doi = {10.1016/j.jvb.2010.04.002},
	url = {http://dx.doi.org/10.1016/j.jvb.2010.04.002},
	langid = {en}
}

@techreport{chevalier2002,
  author       = {Arnaud Chevalier and Reamonn Lydon},
  title        = {Estimates of the Effect of Wages on Job Satisfaction},
  institution  = {Centre for Economic Performance, London School of Economics and Political Science},
  year         = {2002},
  number       = {dp0531},
  type         = {Discussion Paper},
  url          = {https://cep.lse.ac.uk/pubs/download/DP0531.pdf}
}

@article{kalleberg1977,
	title = {Work Values and Job Rewards: A Theory of Job Satisfaction},
	author = {Kalleberg, Arne L.},
	year = {1977},
	month = {02},
	date = {1977-02},
	journal = {American Sociological Review},
	pages = {124},
	volume = {42},
	number = {1},
	doi = {10.2307/2117735},
	url = {http://dx.doi.org/10.2307/2117735}
}

@article{kalleberg1993,
	title = {Contracts and Commitment: Economic and Sociological Perspectives on                Employment Relations},
	author = {Kalleberg, Arne L. and Reve, Torger},
	year = {1993},
	month = {09},
	date = {1993-09},
	journal = {Human Relations},
	pages = {1103--1132},
	volume = {46},
	number = {9},
	doi = {10.1177/001872679304600906},
	url = {http://dx.doi.org/10.1177/001872679304600906},
	langid = {en}
}

@article{kalleberg1983,
	title = {Aging, Values, and Rewards: Explaining Age Differences in Job Satisfaction},
	author = {Kalleberg, Arne L. and Loscocco, Karyn A.},
	year = {1983},
	month = {02},
	date = {1983-02},
	journal = {American Sociological Review},
	pages = {78},
	volume = {48},
	number = {1},
	doi = {10.2307/2095146},
	url = {http://dx.doi.org/10.2307/2095146}
}

@article{wyrwa2020,
	title = {Conceptualizing Job Satisfaction and Its Determinants: A Systematic Literature Review},
	author = {Wyrwa, Joanna and {Ka{\'{z}}mierczyk}, Jerzy},
	year = {2020},
	date = {2020},
	journal = {Journal of Economic Sociology},
	pages = {138--167},
	volume = {21},
	number = {5},
	doi = {10.17323/1726-3247-2020-5-138-168},
	url = {http://dx.doi.org/10.17323/1726-3247-2020-5-138-168}
}

@techreport{medgyesi2016job,
  author       = {Márton Medgyesi and Eszter Zólyomi},
  title        = {Job Satisfaction and Satisfaction in Financial Situation and Their Impact on Life Satisfaction},
  institution  = {European Commission},
  year         = {2016},
  month        = {November},
  number       = {Research Note no. 6/2016},
  url          = {https://ec.europa.eu/social/BlobServlet?docId=17504}
}

@book{ehrenberg2017,
	title = {Modern Labor Economics},
	author = {Ehrenberg, Ronald and Smith, Robert},
	year = {2017},
	month = {07},
	date = {2017-07-28},
	publisher = {Routledge},
	doi = {10.4324/9781315103501},
	url = {http://dx.doi.org/10.4324/9781315103501},
	langid = {en}
}

@article{zudina2024,
	title = {Subjective Returns to Non-cognitive Skills in the Russian Labor Market: the Case of Job Satisfaction},
	author = {Zudina, Anna},
	year = {2024},
	month = {03},
	date = {2024-03-04},
	journal = {The Monitoring of Public Opinion, Economic & Social Changes},
	number = {1},
	doi = {10.14515/monitoring.2024.1.2493},
	url = {http://dx.doi.org/10.14515/monitoring.2024.1.2493}
}

@incollection{judge2008job,
  author       = {Timothy A. Judge and Ryan Klinger},
  title        = {Job Satisfaction: Subjective Well-Being at Work},
  booktitle    = {The Science of Subjective Well-Being},
  editor       = {Michael Eid and Randy J. Larsen},
  pages        = {393--413},
  publisher    = {The Guilford Press},
  year         = {2008}
}

@article{lee2008,
	title = {Understanding Voluntary Turnover: Path-Specific Job Satisfaction Effects and The Importance of Unsolicited Job Offers},
	author = {Lee, Tae Heon and Gerhart, Barry and Weller, Ingo and Trevor, Charlie O.},
	year = {2008},
	month = {08},
	date = {2008-08},
	journal = {Academy of Management Journal},
	pages = {651--671},
	volume = {51},
	number = {4},
	doi = {10.5465/amr.2008.33665124},
	url = {http://dx.doi.org/10.5465/amr.2008.33665124},
	langid = {en}
}

@article{borjas1979,
	title = {Job Satisfaction, Wages, and Unions},
	author = {Borjas, George J.},
	year = {1979},
	date = {1979},
	journal = {The Journal of Human Resources},
	pages = {21},
	volume = {14},
	number = {1},
	doi = {10.2307/145536},
	url = {http://dx.doi.org/10.2307/145536}
}

@article{freeman1978,
  author       = {Freeman, Richard B.},
  title        = {Job Satisfaction as an Economic Variable},
  journal      = {American Economic Review},
  volume       = {68},
  number       = {2},
  pages        = {135--141},
  month        = {May},
  year         = {1978},
  publisher    = {American Economic Association}
}

@article{hamermesh1977,
  title={Economic aspects of job satisfaction},
  author={Hamermesh, Daniel S},
  journal={Essays in labor market analysis},
  pages={53--72},
  year={1977},
  publisher={New-York: John Wiley \& Sons}
}

@article{michalos1980,
  title={Satisfaction and happiness},
  author={Michalos, Alex C},
  journal={Social indicators research},
  volume={8},
  pages={385--422},
  year={1980},
  publisher={Springer}
}

@article{lévy-garboua2004,
	title = {Reported job satisfaction: what does it mean?},
	author = {{Lévy-Garboua}, Louis and Montmarquette, Claude},
	year = {2004},
	month = {04},
	date = {2004-04},
	journal = {The Journal of Socio-Economics},
	pages = {135--151},
	volume = {33},
	number = {2},
	doi = {10.1016/j.socec.2003.12.017},
	url = {http://dx.doi.org/10.1016/j.socec.2003.12.017},
	langid = {en}
}

@article{mccrae1987,
	title = {Validation of the five-factor model of personality across instruments and observers.},
	author = {McCrae, Robert R. and Costa, Paul T.},
	year = {1987},
	date = {1987},
	journal = {Journal of Personality and Social Psychology},
	pages = {81--90},
	volume = {52},
	number = {1},
	doi = {10.1037/0022-3514.52.1.81},
	url = {http://dx.doi.org/10.1037/0022-3514.52.1.81},
	langid = {en}
}

@article{clark1996,
	title = {Satisfaction and comparison income},
	author = {Clark, Andrew E. and Oswald, Andrew J.},
	year = {1996},
	month = {09},
	date = {1996-09},
	journal = {Journal of Public Economics},
	pages = {359--381},
	volume = {61},
	number = {3},
	doi = {10.1016/0047-2727(95)01564-7},
	url = {http://dx.doi.org/10.1016/0047-2727(95)01564-7},
	langid = {en}
}

@conference{brown2009,
  author       = {Andrew Brown and Andy Charlwood and Chris Forde and David Spencer},
  title        = {Is Job Satisfaction U-Shaped in Wages?},
  booktitle    = {Conference of the Regulating for Decent Work Network: Regulating for Decent Work: Innovative Regulation as a Response to Globalization},
  address      = {Geneva, Switzerland},
  organization = {International Labour Office},
  month        = {July},
  year         = {2009},
  url          = {https://webapps.ilo.org/static/english/protection/travail/pdf/rdwpaper28b.pdf}
}

@article{keil2023,
	title = {A Review and Synthesis of Multi-level Models for Causal Inference with Individual Level Exposures},
	author = {Keil, Alexander P. and Zadrozny, Sabrina and Edwards, Jessie K.},
	year = {2023},
	month = {08},
	date = {2023-08-10},
	journal = {Current Epidemiology Reports},
	pages = {54--62},
	volume = {11},
	number = {1},
	doi = {10.1007/s40471-023-00328-w},
	url = {http://dx.doi.org/10.1007/s40471-023-00328-w},
	langid = {en}
}

@article{fuentes2021,
	title = {Causal Inference with Multilevel Data: A Comparison of Different Propensity Score Weighting Approaches},
	author = {Fuentes, Alvaro and {Lüdtke}, Oliver and Robitzsch, Alexander},
	year = {2021},
	month = {06},
	date = {2021-06-15},
	journal = {Multivariate Behavioral Research},
	pages = {916--939},
	volume = {57},
	number = {6},
	doi = {10.1080/00273171.2021.1925521},
	url = {http://dx.doi.org/10.1080/00273171.2021.1925521},
	langid = {en}
}

@inbook{causali2006,
	title = {Causal inference using multilevel models},
	author = {Gelman, Andrew and Hill, Jennifer},
	year = {2006},
	month = {12},
	date = {2006-12-18},
	publisher = {Cambridge University Press},
	pages = {503--512},
	doi = {10.1017/cbo9780511790942.029},
	url = {http://dx.doi.org/10.1017/CBO9780511790942.029}
}

@article{mckay2018,
	title = {Job Satisfaction Among Young Workers in Eastern and Southern Africa: A Comparative Analysis},
	author = {McKay, Andrew D. and Newell, Andrew T. and Rienzo, Cinzia},
	year = {2018},
	date = {2018},
	journal = {SSRN Electronic Journal},
	doi = {10.2139/ssrn.3153344},
	url = {http://dx.doi.org/10.2139/ssrn.3153344},
	langid = {en}
}

@article{mangione1975,
	title = {Job satisfaction, counterproductive behavior, and drug use at work.},
	author = {Mangione, Thomas W. and Quinn, Robert P.},
	year = {1975},
	date = {1975},
	journal = {Journal of Applied Psychology},
	pages = {114--116},
	volume = {60},
	number = {1},
	doi = {10.1037/h0076355},
	url = {http://dx.doi.org/10.1037/h0076355},
	langid = {en}
}

@article{kohan2002,
	title = {Police Officer Job Satisfaction in Relation to Mood, Well-Being, and Alcohol Consumption},
	author = {Kohan, Andrea and {O'connor}, Brian P.},
	year = {2002},
	month = {05},
	date = {2002-05},
	journal = {The Journal of Psychology},
	pages = {307--318},
	volume = {136},
	number = {3},
	doi = {10.1080/00223980209604158},
	url = {http://dx.doi.org/10.1080/00223980209604158},
	langid = {en}
}

@article{hight2019,
	title = {Role stress and alcohol use on restaurant server{\textquoteright}s job satisfaction: Which comes first?},
	author = {Hight, S. Kyle and Park, Jeong-Yeol},
	year = {2019},
	month = {01},
	date = {2019-01},
	journal = {International Journal of Hospitality Management},
	pages = {231--239},
	volume = {76},
	doi = {10.1016/j.ijhm.2018.05.012},
	url = {http://dx.doi.org/10.1016/j.ijhm.2018.05.012},
	langid = {en}
}

@book{chioda2017,
	title = {Stop the Violence in Latin America: A Look at Prevention from Cradle to Adulthood},
	author = {Chioda, Laura},
	year = {2017},
	month = {01},
	date = {2017-01-25},
	publisher = {Washington, DC: World Bank},
	doi = {10.1596/978-1-4648-0664-3},
	url = {http://dx.doi.org/10.1596/978-1-4648-0664-3},
	langid = {en}
}

@article{theeffe2011,
	title = {THE EFFECTS OF YOUTHS{\textquoteright} LIFE SATISFACTION AND JOB PERFORMANCE ON THEIR TURNOVER INTENTION},
	author = {,  and SHUANG, LOH SOU},
	year = {2011},
	month = {12},
	date = {2011-12-30},
	journal = {Asia Pacific Journal of Youth Studies},
	pages = {1--11},
	volume = {5},
	number = {1},
	doi = {10.56390/apjys2024.5.2},
	url = {http://dx.doi.org/10.56390/apjys2024.5.2}
}

@article{chavadi2021,
	title = {Mediating Role of Job Satisfaction on Turnover Intentions and Job Mismatch Among Millennial Employees in Bengaluru},
	author = {Chavadi, Chandan A. and Sirothiya, Monika and M R, Vishwanatha},
	year = {2021},
	month = {04},
	date = {2021-04-18},
	journal = {Business Perspectives and Research},
	pages = {79--100},
	volume = {10},
	number = {1},
	doi = {10.1177/2278533721994712},
	url = {http://dx.doi.org/10.1177/2278533721994712},
	langid = {en}
}

@article{berber2022,
	title = {The Mediating Role of Job Satisfaction in the Relationship between FWAs and Turnover Intentions},
	author = {Berber, Nemanja and {Ga{\v{s}}i{\'{c}}}, Dimitrije and {Kati{\'{c}}}, Ivana and Borocki, Jelena},
	year = {2022},
	month = {04},
	date = {2022-04-10},
	journal = {Sustainability},
	pages = {4502},
	volume = {14},
	number = {8},
	doi = {10.3390/su14084502},
	url = {http://dx.doi.org/10.3390/su14084502},
	langid = {en}
}

@article{taris1992,
	title = {Young Adults in their First Job: The Role of Organizational Factors in Determining Job Satisfaction and Turnover},
	author = {Taris, A. W. and van der Velde, E. G. and Feij, J. A. and van Gastel, J. H.M.},
	year = {1992},
	month = {01},
	date = {1992-01},
	journal = {International Journal of Adolescence and Youth},
	pages = {51--71},
	volume = {4},
	number = {1},
	doi = {10.1080/02673843.1992.9747723},
	url = {http://dx.doi.org/10.1080/02673843.1992.9747723},
	langid = {en}
}

@article{lehtonen2021,
	title = {Thriving or surviving at work: how workplace learning opportunities and subjective career success are connected with job satisfaction and turnover intention?},
	author = {Lehtonen, Eija Elina and Nokelainen, Petri and Rintala, Heta and Puhakka, Ilmari},
	year = {2021},
	month = {08},
	date = {2021-08-03},
	journal = {Journal of Workplace Learning},
	pages = {88--109},
	volume = {34},
	number = {1},
	doi = {10.1108/jwl-12-2020-0184},
	url = {http://dx.doi.org/10.1108/JWL-12-2020-0184},
	langid = {en}
}

@article{milner2016,
	title = {Psychosocial job quality and mental health among young workers: a fixed-effects regression analysis
                    using 13 waves of annual data},
	author = {Milner, Allison and Krnjack, Lauren and LaMontagne, Anthony D},
	year = {2016},
	month = {12},
	date = {2016-12-05},
	journal = {Scandinavian Journal of Work, Environment & Health},
	pages = {50--58},
	volume = {43},
	number = {1},
	doi = {10.5271/sjweh.3608},
	url = {http://dx.doi.org/10.5271/sjweh.3608},
	langid = {en}
}

@inbook{almlund2011,
	title = {Personality Psychology and Economics},
	author = {Almlund, Mathilde and Duckworth, Angela Lee and Heckman, James and Kautz, Tim},
	year = {2011},
	date = {2011},
	publisher = {Elsevier},
	pages = {1--181},
	doi = {10.1016/b978-0-444-53444-6.00001-8},
	url = {http://dx.doi.org/10.1016/B978-0-444-53444-6.00001-8},
	langid = {en}
}

@article{borghans2008,
	title = {The Economics and Psychology of Personality Traits},
	author = {Borghans, Lex and Duckworth, Angela Lee and Heckman, James J. and Weel, Bas ter},
	year = {2008},
	date = {2008},
	journal = {Journal of Human Resources},
	pages = {972--1059},
	volume = {43},
	number = {4},
	doi = {10.3368/jhr.43.4.972},
	url = {http://dx.doi.org/10.3368/jhr.43.4.972},
	langid = {en}
}

@article{edin2022,
	title = {The Rising Return to Noncognitive Skill},
	author = {Edin, Per-Anders and Fredriksson, Peter and Nybom, Martin and {Öckert}, {Björn}},
	year = {2022},
	month = {04},
	date = {2022-04-01},
	journal = {American Economic Journal: Applied Economics},
	pages = {78--100},
	volume = {14},
	number = {2},
	doi = {10.1257/app.20190199},
	url = {http://dx.doi.org/10.1257/app.20190199},
	langid = {en}
}

@article{lindqvist2011,
	title = {The Labor Market Returns to Cognitive and Noncognitive Ability: Evidence from the Swedish Enlistment},
	author = {Lindqvist, Erik and Vestman, Roine},
	year = {2011},
	month = {01},
	date = {2011-01-01},
	journal = {American Economic Journal: Applied Economics},
	pages = {101--128},
	volume = {3},
	number = {1},
	doi = {10.1257/app.3.1.101},
	url = {http://dx.doi.org/10.1257/app.3.1.101},
	langid = {en}
}

@article{collischon2019,
	title = {The Returns to Personality Traits Across the Wage Distribution},
	author = {Collischon, Matthias},
	year = {2019},
	month = {09},
	date = {2019-09-02},
	journal = {LABOUR},
	pages = {48--79},
	volume = {34},
	number = {1},
	doi = {10.1111/labr.12165},
	url = {http://dx.doi.org/10.1111/labr.12165},
	langid = {en}
}

@inbook{hastie2017a,
	title = {Generalized additive models},
	author = {Hastie, T.J. and Tibshirani, R.J.},
	year = {2017},
	month = {10},
	date = {2017-10-19},
	publisher = {Routledge},
	pages = {136--173},
	doi = {10.1201/9780203753781-6},
	url = {http://dx.doi.org/10.1201/9780203753781-6},
	langid = {en}
}

@article{mgcv,
	title = {Fast stable restricted maximum likelihood and marginal 
likelihood estimation of semiparametric generalized linear models},
	author = {Wood, S. N.},
	year = {2011},
	date = {2011},
	pages = {3--36},
	volume = {73}
}

@book{wood2006,
	title = {Generalized Additive Models},
	author = {Wood, Simon N.},
	year = {2006},
	month = {02},
	date = {2006-02-27},
	publisher = {Chapman and Hall/CRC},
	doi = {10.1201/9781420010404},
	url = {http://dx.doi.org/10.1201/9781420010404},
	langid = {en}
}

@article{WeightIt,
	title = {WeightIt: Weighting for Covariate Balance in Observational Studies},
	author = {Greifer, Noah},
	year = {2024},
	date = {2024},
	url = {https://CRAN.R-project.org/package=WeightIt}
}

@article{judge2002,
	title = {Five-factor model of personality and job satisfaction: A meta-analysis.},
	author = {Judge, Timothy A. and Heller, Daniel and Mount, Michael K.},
	year = {2002},
	month = {06},
	date = {2002-06},
	journal = {Journal of Applied Psychology},
	pages = {530--541},
	volume = {87},
	number = {3},
	doi = {10.1037/0021-9010.87.3.530},
	url = {http://dx.doi.org/10.1037/0021-9010.87.3.530},
	langid = {en}
}

@article{avanesian2025,
	title = {Do Non-Cognitive Skills Produce Heterogeneous Returns Across Different Wage Levels Amongst Youth Entering the Workforce? A Quantile Mixed Model Approach},
	author = {Avanesian, Garen},
	year = {2025},
	month = {04},
	date = {2025-04-22},
	journal = {Economies},
	pages = {114},
	volume = {13},
	number = {5},
	doi = {10.3390/economies13050114},
	url = {http://dx.doi.org/10.3390/economies13050114},
	langid = {en}
}

@article{rozhkova2019,
	title = {The return to noncognitive characteristics in the Russian labor market},
	author = {Rozhkova, Ksenia V.},
	year = {2019},
	month = {11},
	date = {2019-11-06},
	journal = {Voprosy Ekonomiki},
	pages = {81--107},
	number = {11},
	doi = {10.32609/0042-8736-2019-11-81-107},
	url = {http://dx.doi.org/10.32609/0042-8736-2019-11-81-107}
}

@article{zudina2022,
	title = {Non-Cognitive Skills of NEET Youth in Russia},
	author = {Zudina, Anna},
	year = {2022},
	month = {12},
	date = {2022-12-22},
	journal = {Voprosy Obrazovaniya / Educational Studies Moscow},
	pages = {154--183},
	number = {4},
	doi = {10.17323/1814-9545-2022-4-154-183},
	url = {http://dx.doi.org/10.17323/1814-9545-2022-4-154-183}
}

@article{avanesian2024,
	title = {How Far Are NEET Youth Falling Behind in Their Non-Cognitive Skills? An Econometric Analysis of Disparities},
	author = {Avanesian, Garen and Borovskaya, Marina and Masych, Marina and Dikaya, Ludmila and Ryzhova, Victoria and Egorova, Valeria},
	year = {2024},
	month = {01},
	date = {2024-01-19},
	journal = {Economies},
	pages = {25},
	volume = {12},
	number = {1},
	doi = {10.3390/economies12010025},
	url = {http://dx.doi.org/10.3390/economies12010025},
	langid = {en}
}

@article{maksimova2019,
  title={The Return to Non-Cognitive Skills on the Russian Labor Market},
  author={Maksimova, Mariia},
  journal={Applied Econometrics},
  year={2019},
  volume={53},
  pages={55-72}
}

@book{taylor1911,
  author    = {Frederick Winslow Taylor},
  title     = {The Principles of Scientific Management},
  year      = {1911},
  note      = {Originally published in 1911. Reprinted by Dover Publications, 1997},
  publisher = {Dover Publications},
  address   = {New York},
  edition   = {Reprint edition},
  year      = {1997},
  isbn      = {978-0486299884},
  language  = {English}
}

@book{hoppock1935,
  author    = {Robert Hoppock},
  title     = {Job Satisfaction},
  publisher = {Harper},
  address   = {New York},
  year      = {1935},
  note      = {Publication of the National Occupational Conference},
  pages     = {303}
}

@article{judge2017,
	title = {Job attitudes, job satisfaction, and job affect: A century of continuity and of change.},
	author = {Judge, Timothy A. and Weiss, Howard M. and Kammeyer-Mueller, John D. and Hulin, Charles L.},
	year = {2017},
	date = {2017},
	journal = {Journal of Applied Psychology},
	pages = {356--374},
	volume = {102},
	number = {3},
	doi = {10.1037/apl0000181},
	url = {http://dx.doi.org/10.1037/apl0000181},
	langid = {en}
}

@article{locke1970,
	title = {Job satisfaction and job performance: A theoretical analysis},
	author = {Locke, Edwin A.},
	year = {1970},
	month = {09},
	date = {1970-09},
	journal = {Organizational Behavior and Human Performance},
	pages = {484--500},
	volume = {5},
	number = {5},
	doi = {10.1016/0030-5073(70)90036-x},
	url = {http://dx.doi.org/10.1016/0030-5073(70)90036-X},
	langid = {en}
}

@article{adams1963,
	title = {Towards an understanding of inequity.},
	author = {Adams, J. Stacy},
	year = {1963},
	month = {11},
	date = {1963-11},
	journal = {The Journal of Abnormal and Social Psychology},
	pages = {422--436},
	volume = {67},
	number = {5},
	doi = {10.1037/h0040968},
	url = {http://dx.doi.org/10.1037/h0040968},
	langid = {en}
}

@book{herzberg1971,
  author    = {Frederick Herzberg},
  title     = {Work and the Nature of Man},
  publisher = {World Publishing Company},
  address   = {Cleveland},
  year      = {1971}
}

@book{festinger1957,
  author    = {Leon Festinger},
  title     = {A Theory of Cognitive Dissonance},
  year      = {1957},
  publisher = {Row, Peterson},
  address   = {Evanston, IL}
}

@article{hamermesh2001,
	title = {The Changing Distribution of Job Satisfaction},
	author = {Hamermesh, Daniel S.},
	year = {2001},
	date = {2001},
	journal = {The Journal of Human Resources},
	pages = {1},
	volume = {36},
	number = {1},
	doi = {10.2307/3069668},
	url = {http://dx.doi.org/10.2307/3069668}
}

@article{jobsati2013,
	title = {Job Satisfaction},
	author = {P.K. Mishra},
	year = {2013},
	date = {2013},
	journal = {IOSR Journal Of Humanities And Social Science},
	pages = {45--54},
	volume = {14},
	number = {5},
	doi = {10.9790/1959-1454554},
	url = {http://dx.doi.org/10.9790/1959-1454554}
}

@book{fisher1931,
  author    = {Fisher, V. E. and Hanna, J. V.},
  title     = {The Dissatisfied Worker},
  year      = {1931},
  publisher = {Macmillan},
  address   = {New York}
}



@inbook{watson1997,
	title = {Extraversion and Its Positive Emotional Core},
	author = {Watson, David and Clark, Lee Anna},
	year = {1997},
	date = {1997},
	publisher = {Elsevier},
	pages = {767--793},
	doi = {10.1016/b978-012134645-4/50030-5},
	url = {http://dx.doi.org/10.1016/B978-012134645-4/50030-5},
	langid = {en}
}

@article{judge2000,
	title = {Personality and job satisfaction: The mediating role of job characteristics.},
	author = {Judge, Timothy A. and Bono, Joyce E. and Locke, Edwin A.},
	year = {2000},
	date = {2000},
	journal = {Journal of Applied Psychology},
	pages = {237--249},
	volume = {85},
	number = {2},
	doi = {10.1037/0021-9010.85.2.237},
	url = {http://dx.doi.org/10.1037/0021-9010.85.2.237},
	langid = {en}
}

@article{okpara2004,
	title = {Personal characteristics as predictors of job satisfaction},
	author = {Okpara, John O.},
	year = {2004},
	month = {09},
	date = {2004-09-01},
	journal = {Information Technology & People},
	pages = {327--338},
	volume = {17},
	number = {3},
	doi = {10.1108/09593840410554247},
	url = {http://dx.doi.org/10.1108/09593840410554247},
	langid = {en}
}

@article{yaktin2003,
	title = {Personal Characteristics and Job Satisfaction Among Nurses in Lebanon},
	author = {Yaktin, Umayma S. and Azoury, Nuhad Bou-Raad and Doumit, Myrna A. A.},
	year = {2003},
	month = {07},
	date = {2003-07},
	journal = {JONA: The Journal of Nursing Administration},
	pages = {384--390},
	volume = {33},
	number = {7/8},
	doi = {10.1097/00005110-200307000-00006},
	url = {http://dx.doi.org/10.1097/00005110-200307000-00006},
	langid = {en}
}

@article{gil-flores2017,
	title = {The Role of Personal Characteristics and School Characteristics in Explaining Teacher Job Satisfaction},
	author = {Gil-Flores, Javier},
	year = {2017},
	date = {2017},
	journal = {Revista de Psicodidáctica (English ed.)},
	pages = {16--22},
	volume = {22},
	number = {1},
	doi = {10.1387/revpsicodidact.15501},
	url = {http://dx.doi.org/10.1387/RevPsicodidact.15501},
	langid = {en}
}

@article{cooper2014,
	title = {Personality and Job Satisfaction: Evidence from a Sample of Street-Level Bureaucrats},
	author = {Cooper, Christopher A. and Carpenter, Dale and Reiner, Audrey and McCord, David M.},
	year = {2014},
	month = {01},
	date = {2014-01-30},
	journal = {International Journal of Public Administration},
	pages = {155--162},
	volume = {37},
	number = {3},
	doi = {10.1080/01900692.2013.798810},
	url = {http://dx.doi.org/10.1080/01900692.2013.798810},
	langid = {en}
}

@article{furnham1986,
	title = {Personality and job satisfaction},
	author = {Furnham, Adrian and Zacherl, Marion},
	year = {1986},
	month = {01},
	date = {1986-01},
	journal = {Personality and Individual Differences},
	pages = {453--459},
	volume = {7},
	number = {4},
	doi = {10.1016/0191-8869(86)90123-6},
	url = {http://dx.doi.org/10.1016/0191-8869(86)90123-6},
	langid = {en}
}

@article{judge2008,
	title = {The Dispositional Sources of Job Satisfaction: A Comparative Test},
	author = {Judge, Timothy A. and Heller, Daniel and Klinger, Ryan},
	year = {2008},
	month = {02},
	date = {2008-02},
	journal = {Applied Psychology},
	pages = {361--372},
	volume = {57},
	number = {3},
	doi = {10.1111/j.1464-0597.2007.00318.x},
	url = {http://dx.doi.org/10.1111/j.1464-0597.2007.00318.x},
	langid = {en}
}

@article{templer2011,
	title = {Five{-}Factor Model of Personality and Job Satisfaction: The Importance of Agreeableness in a Tight and Collectivistic Asian Society},
	author = {Templer, Klaus J.},
	year = {2011},
	month = {06},
	date = {2011-06-15},
	journal = {Applied Psychology},
	pages = {114--129},
	volume = {61},
	number = {1},
	doi = {10.1111/j.1464-0597.2011.00459.x},
	url = {http://dx.doi.org/10.1111/j.1464-0597.2011.00459.x},
	langid = {en}
}

@article{seibert2001,
	title = {The Five-Factor Model of Personality and Career Success},
	author = {Seibert, Scott E. and Kraimer, Maria L.},
	year = {2001},
	month = {02},
	date = {2001-02},
	journal = {Journal of Vocational Behavior},
	pages = {1--21},
	volume = {58},
	number = {1},
	doi = {10.1006/jvbe.2000.1757},
	url = {http://dx.doi.org/10.1006/jvbe.2000.1757},
	langid = {en}
}

@article{judge2002a,
	title = {Five-factor model of personality and job satisfaction: A meta-analysis.},
	author = {Judge, Timothy A. and Heller, Daniel and Mount, Michael K.},
	year = {2002},
	month = {06},
	date = {2002-06},
	journal = {Journal of Applied Psychology},
	pages = {530--541},
	volume = {87},
	number = {3},
	doi = {10.1037/0021-9010.87.3.530},
	url = {http://dx.doi.org/10.1037/0021-9010.87.3.530},
	langid = {en}
}

@article{sutin2009,
	title = {Personality and career success: Concurrent and longitudinal relations},
	author = {Sutin, Angelina R. and Costa, Paul T. and Miech, Richard and Eaton, William W.},
	year = {2009},
	month = {03},
	date = {2009-03},
	journal = {European Journal of Personality},
	pages = {71--84},
	volume = {23},
	number = {2},
	doi = {10.1002/per.704},
	url = {http://dx.doi.org/10.1002/per.704},
	langid = {en}
}

@article{bates2015,
	title = {Fitting Linear Mixed-Effects Models Using lme4},
	author = {Bates, Douglas and Machler, Martin and Bolker, Ben and Walker, Steve},
	year = {2015},
	date = {2015},
	journal = {Journal of Statistical Software},
	volume = {67},
	number = {1},
	doi = {10.18637/jss.v067.i01},
	url = {http://dx.doi.org/10.18637/jss.v067.i01},
	langid = {en}
}

@article{kuznetsova2017,
	title = {{\textbraceleft}lmerTest{\textbraceright} Package: Tests in Linear Mixed Effects Models},
	author = {Kuznetsova, Alexandra and Brockhoff, Per B. and Christensen, Rune H. B.},
	journal = {Journal of Statistical Software},
	year = {2017},
	date = {2017},
	volume = {82},
	doi = {10.18637/jss.v082.i13}
}


