@techreport{ilo2024,
  title        = {World Employment and Social Outlook: September 2024 Update},
  author       = {{International Labour Organization (ILO)}},
  institution  = {International Labour Organization (ILO)},
  year         = {2024},
  month        = {September},
  address      = {Geneva},
  url          = {https://www.ilo.org/publications/flagship-reports/world-employment-and-social-outlook-september-2024-update},
  note         = {ILO Brief}
}

@techreport{ilo2024youth,
  title        = {Global Employment Trends for Youth 2024: Decent Work, Brighter Futures},
  author       = {{International Labour Organization (ILO)}},
  institution  = {International Labour Organization (ILO)},
  year         = {2024},
  month        = {August},
  day          = {12},
  address      = {Geneva},
  url          = {https://www.ilo.org/publications/major-publications/global-employment-trends-youth-2024},
  note         = {Report}
}
@article{steenackers2016,
	title = {Determinants of job-hopping: an empirical study in Belgium},
	author = {Steenackers, Kelly and Guerry, Marie-Anne},
	year = {2016},
	month = {06},
	date = {2016-06-06},
	journal = {International Journal of Manpower},
	pages = {494--510},
	volume = {37},
	number = {3},
	doi = {10.1108/ijm-09-2014-0184},
	url = {http://dx.doi.org/10.1108/IJM-09-2014-0184},
	langid = {en}
}

@article{klug2017,
	title = {Young and at risk? Consequences of job insecurity for mental health and satisfaction among labor market entrants with different levels of education},
	author = {Klug, Katharina},
	year = {2017},
	month = {10},
	date = {2017-10-06},
	journal = {Economic and Industrial Democracy},
	pages = {562--585},
	volume = {41},
	number = {3},
	doi = {10.1177/0143831x17731609},
	url = {http://dx.doi.org/10.1177/0143831X17731609},
	langid = {en}
}

@article{judge2010,
	title = {The relationship between pay and job satisfaction: A meta-analysis of the literature},
	author = {Judge, Timothy A. and Piccolo, Ronald F. and Podsakoff, Nathan P. and Shaw, John C. and Rich, Bruce L.},
	year = {2010},
	month = {10},
	date = {2010-10},
	journal = {Journal of Vocational Behavior},
	pages = {157--167},
	volume = {77},
	number = {2},
	doi = {10.1016/j.jvb.2010.04.002},
	url = {http://dx.doi.org/10.1016/j.jvb.2010.04.002},
	langid = {en}
}

@techreport{chevalier2002,
  author       = {Arnaud Chevalier and Reamonn Lydon},
  title        = {Estimates of the Effect of Wages on Job Satisfaction},
  institution  = {Centre for Economic Performance, London School of Economics and Political Science},
  year         = {2002},
  number       = {dp0531},
  type         = {Discussion Paper},
  url          = {https://cep.lse.ac.uk/pubs/download/DP0531.pdf}
}

@article{kalleberg1977,
	title = {Work Values and Job Rewards: A Theory of Job Satisfaction},
	author = {Kalleberg, Arne L.},
	year = {1977},
	month = {02},
	date = {1977-02},
	journal = {American Sociological Review},
	pages = {124},
	volume = {42},
	number = {1},
	doi = {10.2307/2117735},
	url = {http://dx.doi.org/10.2307/2117735}
}

@article{kalleberg1993,
	title = {Contracts and Commitment: Economic and Sociological Perspectives on                Employment Relations},
	author = {Kalleberg, Arne L. and Reve, Torger},
	year = {1993},
	month = {09},
	date = {1993-09},
	journal = {Human Relations},
	pages = {1103--1132},
	volume = {46},
	number = {9},
	doi = {10.1177/001872679304600906},
	url = {http://dx.doi.org/10.1177/001872679304600906},
	langid = {en}
}

@article{kalleberg1983,
	title = {Aging, Values, and Rewards: Explaining Age Differences in Job Satisfaction},
	author = {Kalleberg, Arne L. and Loscocco, Karyn A.},
	year = {1983},
	month = {02},
	date = {1983-02},
	journal = {American Sociological Review},
	pages = {78},
	volume = {48},
	number = {1},
	doi = {10.2307/2095146},
	url = {http://dx.doi.org/10.2307/2095146}
}

@article{wyrwa2020,
	title = {Conceptualizing Job Satisfaction and Its Determinants: A Systematic Literature Review},
	author = {Wyrwa, Joanna and {Ka{\'{z}}mierczyk}, Jerzy},
	year = {2020},
	date = {2020},
	journal = {Journal of Economic Sociology},
	pages = {138--167},
	volume = {21},
	number = {5},
	doi = {10.17323/1726-3247-2020-5-138-168},
	url = {http://dx.doi.org/10.17323/1726-3247-2020-5-138-168}
}

@techreport{medgyesi2016job,
  author       = {Márton Medgyesi and Eszter Zólyomi},
  title        = {Job Satisfaction and Satisfaction in Financial Situation and Their Impact on Life Satisfaction},
  institution  = {European Commission},
  year         = {2016},
  month        = {November},
  number       = {Research Note no. 6/2016},
  url          = {https://ec.europa.eu/social/BlobServlet?docId=17504}
}

@book{ehrenberg2017,
	title = {Modern Labor Economics},
	author = {Ehrenberg, Ronald and Smith, Robert},
	year = {2017},
	month = {07},
	date = {2017-07-28},
	publisher = {Routledge},
	doi = {10.4324/9781315103501},
	url = {http://dx.doi.org/10.4324/9781315103501},
	langid = {en}
}

@article{zudina2024,
	title = {Subjective Returns to Non-cognitive Skills in the Russian Labor Market: the Case of Job Satisfaction},
	author = {Zudina, Anna},
	year = {2024},
	month = {03},
	date = {2024-03-04},
	journal = {The Monitoring of Public Opinion, Economic & Social Changes},
	number = {1},
	doi = {10.14515/monitoring.2024.1.2493},
	url = {http://dx.doi.org/10.14515/monitoring.2024.1.2493}
}

@incollection{judge2008job,
  author       = {Timothy A. Judge and Ryan Klinger},
  title        = {Job Satisfaction: Subjective Well-Being at Work},
  booktitle    = {The Science of Subjective Well-Being},
  editor       = {Michael Eid and Randy J. Larsen},
  pages        = {393--413},
  publisher    = {The Guilford Press},
  year         = {2008}
}

@article{lee2008,
	title = {Understanding Voluntary Turnover: Path-Specific Job Satisfaction Effects and The Importance of Unsolicited Job Offers},
	author = {Lee, Tae Heon and Gerhart, Barry and Weller, Ingo and Trevor, Charlie O.},
	year = {2008},
	month = {08},
	date = {2008-08},
	journal = {Academy of Management Journal},
	pages = {651--671},
	volume = {51},
	number = {4},
	doi = {10.5465/amr.2008.33665124},
	url = {http://dx.doi.org/10.5465/amr.2008.33665124},
	langid = {en}
}

@article{borjas1979,
	title = {Job Satisfaction, Wages, and Unions},
	author = {Borjas, George J.},
	year = {1979},
	date = {1979},
	journal = {The Journal of Human Resources},
	pages = {21},
	volume = {14},
	number = {1},
	doi = {10.2307/145536},
	url = {http://dx.doi.org/10.2307/145536}
}

@article{freeman1978,
  author       = {Freeman, Richard B.},
  title        = {Job Satisfaction as an Economic Variable},
  journal      = {American Economic Review},
  volume       = {68},
  number       = {2},
  pages        = {135--141},
  month        = {May},
  year         = {1978},
  publisher    = {American Economic Association}
}

@article{hamermesh1977,
  title={Economic aspects of job satisfaction},
  author={Hamermesh, Daniel S},
  journal={Essays in labor market analysis},
  pages={53--72},
  year={1977},
  publisher={New-York: John Wiley \& Sons}
}

@article{michalos1980,
  title={Satisfaction and happiness},
  author={Michalos, Alex C},
  journal={Social indicators research},
  volume={8},
  pages={385--422},
  year={1980},
  publisher={Springer}
}

@article{lévy-garboua2004,
	title = {Reported job satisfaction: what does it mean?},
	author = {{Lévy-Garboua}, Louis and Montmarquette, Claude},
	year = {2004},
	month = {04},
	date = {2004-04},
	journal = {The Journal of Socio-Economics},
	pages = {135--151},
	volume = {33},
	number = {2},
	doi = {10.1016/j.socec.2003.12.017},
	url = {http://dx.doi.org/10.1016/j.socec.2003.12.017},
	langid = {en}
}

@article{mccrae1987,
	title = {Validation of the five-factor model of personality across instruments and observers.},
	author = {McCrae, Robert R. and Costa, Paul T.},
	year = {1987},
	date = {1987},
	journal = {Journal of Personality and Social Psychology},
	pages = {81--90},
	volume = {52},
	number = {1},
	doi = {10.1037/0022-3514.52.1.81},
	url = {http://dx.doi.org/10.1037/0022-3514.52.1.81},
	langid = {en}
}

@article{clark1996,
	title = {Satisfaction and comparison income},
	author = {Clark, Andrew E. and Oswald, Andrew J.},
	year = {1996},
	month = {09},
	date = {1996-09},
	journal = {Journal of Public Economics},
	pages = {359--381},
	volume = {61},
	number = {3},
	doi = {10.1016/0047-2727(95)01564-7},
	url = {http://dx.doi.org/10.1016/0047-2727(95)01564-7},
	langid = {en}
}

@conference{brown2009,
  author       = {Andrew Brown and Andy Charlwood and Chris Forde and David Spencer},
  title        = {Is Job Satisfaction U-Shaped in Wages?},
  booktitle    = {Conference of the Regulating for Decent Work Network: Regulating for Decent Work: Innovative Regulation as a Response to Globalization},
  address      = {Geneva, Switzerland},
  organization = {International Labour Office},
  month        = {July},
  year         = {2009},
  url          = {https://webapps.ilo.org/static/english/protection/travail/pdf/rdwpaper28b.pdf}
}

@article{keil2023,
	title = {A Review and Synthesis of Multi-level Models for Causal Inference with Individual Level Exposures},
	author = {Keil, Alexander P. and Zadrozny, Sabrina and Edwards, Jessie K.},
	year = {2023},
	month = {08},
	date = {2023-08-10},
	journal = {Current Epidemiology Reports},
	pages = {54--62},
	volume = {11},
	number = {1},
	doi = {10.1007/s40471-023-00328-w},
	url = {http://dx.doi.org/10.1007/s40471-023-00328-w},
	langid = {en}
}

@article{fuentes2021,
	title = {Causal Inference with Multilevel Data: A Comparison of Different Propensity Score Weighting Approaches},
	author = {Fuentes, Alvaro and {Lüdtke}, Oliver and Robitzsch, Alexander},
	year = {2021},
	month = {06},
	date = {2021-06-15},
	journal = {Multivariate Behavioral Research},
	pages = {916--939},
	volume = {57},
	number = {6},
	doi = {10.1080/00273171.2021.1925521},
	url = {http://dx.doi.org/10.1080/00273171.2021.1925521},
	langid = {en}
}

@inbook{causali2006,
	title = {Causal inference using multilevel models},
	year = {2006},
	month = {12},
	date = {2006-12-18},
	publisher = {Cambridge University Press},
	pages = {503--512},
	doi = {10.1017/cbo9780511790942.029},
	url = {http://dx.doi.org/10.1017/CBO9780511790942.029}
}

@article{mckay2018,
	title = {Job Satisfaction Among Young Workers in Eastern and Southern Africa: A Comparative Analysis},
	author = {McKay, Andrew D. and Newell, Andrew T. and Rienzo, Cinzia},
	year = {2018},
	date = {2018},
	journal = {SSRN Electronic Journal},
	doi = {10.2139/ssrn.3153344},
	url = {http://dx.doi.org/10.2139/ssrn.3153344},
	langid = {en}
}

@article{mangione1975,
	title = {Job satisfaction, counterproductive behavior, and drug use at work.},
	author = {Mangione, Thomas W. and Quinn, Robert P.},
	year = {1975},
	date = {1975},
	journal = {Journal of Applied Psychology},
	pages = {114--116},
	volume = {60},
	number = {1},
	doi = {10.1037/h0076355},
	url = {http://dx.doi.org/10.1037/h0076355},
	langid = {en}
}

@article{kohan2002,
	title = {Police Officer Job Satisfaction in Relation to Mood, Well-Being, and Alcohol Consumption},
	author = {Kohan, Andrea and {O'connor}, Brian P.},
	year = {2002},
	month = {05},
	date = {2002-05},
	journal = {The Journal of Psychology},
	pages = {307--318},
	volume = {136},
	number = {3},
	doi = {10.1080/00223980209604158},
	url = {http://dx.doi.org/10.1080/00223980209604158},
	langid = {en}
}

@article{hight2019,
	title = {Role stress and alcohol use on restaurant server{\textquoteright}s job satisfaction: Which comes first?},
	author = {Hight, S. Kyle and Park, Jeong-Yeol},
	year = {2019},
	month = {01},
	date = {2019-01},
	journal = {International Journal of Hospitality Management},
	pages = {231--239},
	volume = {76},
	doi = {10.1016/j.ijhm.2018.05.012},
	url = {http://dx.doi.org/10.1016/j.ijhm.2018.05.012},
	langid = {en}
}

@book{chioda2017,
	title = {Stop the Violence in Latin America: A Look at Prevention from Cradle to Adulthood},
	author = {Chioda, Laura},
	year = {2017},
	month = {01},
	date = {2017-01-25},
	publisher = {Washington, DC: World Bank},
	doi = {10.1596/978-1-4648-0664-3},
	url = {http://dx.doi.org/10.1596/978-1-4648-0664-3},
	langid = {en}
}

@article{theeffe2011,
	title = {THE EFFECTS OF YOUTHS{\textquoteright} LIFE SATISFACTION AND JOB PERFORMANCE ON THEIR TURNOVER INTENTION},
	author = {,  and SHUANG, LOH SOU},
	year = {2011},
	month = {12},
	date = {2011-12-30},
	journal = {Asia Pacific Journal of Youth Studies},
	pages = {1--11},
	volume = {5},
	number = {1},
	doi = {10.56390/apjys2024.5.2},
	url = {http://dx.doi.org/10.56390/apjys2024.5.2}
}

@article{chavadi2021,
	title = {Mediating Role of Job Satisfaction on Turnover Intentions and Job Mismatch Among Millennial Employees in Bengaluru},
	author = {Chavadi, Chandan A. and Sirothiya, Monika and M R, Vishwanatha},
	year = {2021},
	month = {04},
	date = {2021-04-18},
	journal = {Business Perspectives and Research},
	pages = {79--100},
	volume = {10},
	number = {1},
	doi = {10.1177/2278533721994712},
	url = {http://dx.doi.org/10.1177/2278533721994712},
	langid = {en}
}

@article{berber2022,
	title = {The Mediating Role of Job Satisfaction in the Relationship between FWAs and Turnover Intentions},
	author = {Berber, Nemanja and {Ga{\v{s}}i{\'{c}}}, Dimitrije and {Kati{\'{c}}}, Ivana and Borocki, Jelena},
	year = {2022},
	month = {04},
	date = {2022-04-10},
	journal = {Sustainability},
	pages = {4502},
	volume = {14},
	number = {8},
	doi = {10.3390/su14084502},
	url = {http://dx.doi.org/10.3390/su14084502},
	langid = {en}
}

@article{taris1992,
	title = {Young Adults in their First Job: The Role of Organizational Factors in Determining Job Satisfaction and Turnover},
	author = {Taris, A. W. and van der Velde, E. G. and Feij, J. A. and van Gastel, J. H.M.},
	year = {1992},
	month = {01},
	date = {1992-01},
	journal = {International Journal of Adolescence and Youth},
	pages = {51--71},
	volume = {4},
	number = {1},
	doi = {10.1080/02673843.1992.9747723},
	url = {http://dx.doi.org/10.1080/02673843.1992.9747723},
	langid = {en}
}

@article{lehtonen2021,
	title = {Thriving or surviving at work: how workplace learning opportunities and subjective career success are connected with job satisfaction and turnover intention?},
	author = {Lehtonen, Eija Elina and Nokelainen, Petri and Rintala, Heta and Puhakka, Ilmari},
	year = {2021},
	month = {08},
	date = {2021-08-03},
	journal = {Journal of Workplace Learning},
	pages = {88--109},
	volume = {34},
	number = {1},
	doi = {10.1108/jwl-12-2020-0184},
	url = {http://dx.doi.org/10.1108/JWL-12-2020-0184},
	langid = {en}
}

@article{milner2016,
	title = {Psychosocial job quality and mental health among young workers: a fixed-effects regression analysis
                    using 13 waves of annual data},
	author = {Milner, Allison and Krnjack, Lauren and LaMontagne, Anthony D},
	year = {2016},
	month = {12},
	date = {2016-12-05},
	journal = {Scandinavian Journal of Work, Environment & Health},
	pages = {50--58},
	volume = {43},
	number = {1},
	doi = {10.5271/sjweh.3608},
	url = {http://dx.doi.org/10.5271/sjweh.3608},
	langid = {en}
}

@inbook{almlund2011,
	title = {Personality Psychology and Economics},
	author = {Almlund, Mathilde and Duckworth, Angela Lee and Heckman, James and Kautz, Tim},
	year = {2011},
	date = {2011},
	publisher = {Elsevier},
	pages = {1--181},
	doi = {10.1016/b978-0-444-53444-6.00001-8},
	url = {http://dx.doi.org/10.1016/B978-0-444-53444-6.00001-8},
	langid = {en}
}

@article{borghans2008,
	title = {The Economics and Psychology of Personality Traits},
	author = {Borghans, Lex and Duckworth, Angela Lee and Heckman, James J. and Weel, Bas ter},
	year = {2008},
	date = {2008},
	journal = {Journal of Human Resources},
	pages = {972--1059},
	volume = {43},
	number = {4},
	doi = {10.3368/jhr.43.4.972},
	url = {http://dx.doi.org/10.3368/jhr.43.4.972},
	langid = {en}
}

@article{edin2022,
	title = {The Rising Return to Noncognitive Skill},
	author = {Edin, Per-Anders and Fredriksson, Peter and Nybom, Martin and {Öckert}, {Björn}},
	year = {2022},
	month = {04},
	date = {2022-04-01},
	journal = {American Economic Journal: Applied Economics},
	pages = {78--100},
	volume = {14},
	number = {2},
	doi = {10.1257/app.20190199},
	url = {http://dx.doi.org/10.1257/app.20190199},
	langid = {en}
}

@article{lindqvist2011,
	title = {The Labor Market Returns to Cognitive and Noncognitive Ability: Evidence from the Swedish Enlistment},
	author = {Lindqvist, Erik and Vestman, Roine},
	year = {2011},
	month = {01},
	date = {2011-01-01},
	journal = {American Economic Journal: Applied Economics},
	pages = {101--128},
	volume = {3},
	number = {1},
	doi = {10.1257/app.3.1.101},
	url = {http://dx.doi.org/10.1257/app.3.1.101},
	langid = {en}
}

@article{collischon2019,
	title = {The Returns to Personality Traits Across the Wage Distribution},
	author = {Collischon, Matthias},
	year = {2019},
	month = {09},
	date = {2019-09-02},
	journal = {LABOUR},
	pages = {48--79},
	volume = {34},
	number = {1},
	doi = {10.1111/labr.12165},
	url = {http://dx.doi.org/10.1111/labr.12165},
	langid = {en}
}

@inbook{hastie2017a,
	title = {Generalized additive models},
	author = {Hastie, T.J. and Tibshirani, R.J.},
	year = {2017},
	month = {10},
	date = {2017-10-19},
	publisher = {Routledge},
	pages = {136--173},
	doi = {10.1201/9780203753781-6},
	url = {http://dx.doi.org/10.1201/9780203753781-6},
	langid = {en}
}

@article{mgcv,
	title = {Fast stable restricted maximum likelihood and marginal 
likelihood estimation of semiparametric generalized linear models},
	author = {Wood, S. N.},
	year = {2011},
	date = {2011},
	pages = {3--36},
	volume = {73}
}

@book{wood2006,
	title = {Generalized Additive Models},
	author = {Wood, Simon N.},
	year = {2006},
	month = {02},
	date = {2006-02-27},
	publisher = {Chapman and Hall/CRC},
	doi = {10.1201/9781420010404},
	url = {http://dx.doi.org/10.1201/9781420010404},
	langid = {en}
}

@article{WeightIt,
	title = {WeightIt: Weighting for Covariate Balance in Observational Studies},
	author = {Greifer, Noah},
	year = {2024},
	date = {2024},
	url = {https://CRAN.R-project.org/package=WeightIt}
}
